<?xml version="1.0" encoding="UTF-8"?><collection xmlns="http://www.loc.gov/MARC21/slim"><record><leader>00582nam--2200181-i-4500</leader><controlfield tag="001">000011903</controlfield><controlfield tag="002">20161230</controlfield><controlfield tag="005">20161230201029</controlfield><controlfield tag="008">060222s1000------------r-----000-0-fre-d</controlfield><datafield ind1=" " ind2=" " tag="040"><subfield code="a">IFIN-HH</subfield></datafield><datafield ind1=" " ind2=" " tag="041"><subfield code="a">fre</subfield></datafield><datafield ind1=" " ind2=" " tag="080"><subfield code="a">778.38(043)</subfield></datafield><datafield ind1="1" ind2=" " tag="100"><subfield code="a">Agbani, Assereou Benoit</subfield></datafield><datafield ind1="1" ind2="0" tag="245"><subfield code="a">Contribution a la realisation de grilles holografiques destinees a la multiplication d'images</subfield><subfield code="b">These</subfield><subfield code="c">Assereou benoit agbani</subfield></datafield><datafield ind1=" " ind2=" " tag="260"><subfield code="a">Besancon</subfield><subfield code="b">Universite De Besancon, Faculte Des Sciences Et Des Techniques</subfield><subfield code="c">1975</subfield></datafield><datafield ind1=" " ind2=" " tag="300"><subfield code="a">62p</subfield></datafield><datafield ind1=" " ind2=" " tag="852"><subfield code="a">44082</subfield><subfield code="c">535</subfield></datafield><datafield ind1=" " ind2=" " tag="CAT"><subfield code="a">Sys</subfield><subfield code="c">20110120</subfield><subfield code="h">092202</subfield></datafield></record></collection>